@misc{CDC_2024,
    author = {{Centers for Disease Control and Prevention}},
    title = {{Diabetes Data and Research}},
    howpublished = {\url{https://www.cdc.gov/diabetes/php/data-research/index.html}},
    year = {2024},
    note = {Accessed on September 15, 2025}
}

@misc{CDC_2024b,
  author = {{Centers for Disease Control and Prevention}},
  title = {{Diabetes Meal Planning}},
  howpublished = {\url{https://www.cdc.gov/diabetes/healthy-eating/diabetes-meal-planning.html}},
  year = {2024},
  note = {Accessed: 2025-09-11}
}

@article{Clark_1962,
  author = {Clark Jr., Leland C. and Lyons, Clifton},
  title = {{Electrode Systems for Continuous Monitoring in Cardiovascular Surgery}},
  journal = {{Annals of the New York Academy of Sciences}},
  volume = {102},
  number = {29},
  pages = {29--45},
  year = {1962},
  doi = {10.1111/j.1749-6632.1962.tb13623.x}
}

@article{Jenkins_1981,
  author = {Jenkins, David J. A. and Wolever, Thomas M. S. and Taylor, R. H. and Barker, H. M. and Fielden, H. and Baldwin, J. M. and Bowling, A. C. and Newman, H. C. and Jenkins, A. L. and Goff, D. F.},
  title = {{Glycemic index of foods: a physiological basis for carbohydrate exchange}},
  journal = {{American Journal of Clinical Nutrition}},
  volume = {34},
  number = {3},
  pages = {362--366},
  year = {1981},
  doi = {10.1093/ajcn/34.3.362},
  pmid = {6259925},
  url = {https://academic.oup.com/ajcn/article/34/3/362/4692795},
  note = {Archived from the original on 2017-07-02. Accessed: 2025-09-11}
}

@incollection{Reddy_2023,
  author = {Reddy, Nimisha BS and Verma, Neha MD and Dungan, Kate MD},
  title = {{Monitoring Technologies- Continuous Glucose Monitoring, Mobile Technology, Biomarkers of Glycemic Control}},
  booktitle = {{Endotext}},
  year = {2023},
  publisher = {{MDText.com, Inc.}},
  howpublished = {\url{https://www.ncbi.nlm.nih.gov/books/NBK279046/}},
  note = {Accessed: 2025-09-11}
}

@article{Salmeron_1997,
  author = {Salmer{\'o}n, Jos{\'e} and Ascherio, Alberto and Rimm, Eric B and Colditz, Graham A and Spiegelman, Donna and Jenkins, David J and Stampfer, Meir J and Wing, Alvin L and Willett, Walter C},
  title = {{Dietary Fiber, Glycemic Load, and Risk of NIDDM in Men}},
  journal = {{Diabetes Care}},
  volume = {20},
  number = {4},
  pages = {545--550},
  year = {1997},
  doi = {10.2337/diacare.20.4.545}
}
